<?xml version="1.0" encoding="UTF-8"?><collection xmlns="http://www.loc.gov/MARC21/slim"><record><leader>00451nam--2200133-i-4500</leader><controlfield tag="001">000001687</controlfield><controlfield tag="002">20161230</controlfield><controlfield tag="005">20161230201024</controlfield><controlfield tag="008">060222s1000------------r-----000-0-eng-d</controlfield><datafield ind1=" " ind2=" " tag="080"><subfield code="a">015:541.124:547</subfield></datafield><datafield ind1=" " ind2=" " tag="100"><subfield code="a">Golden, Jean-bernard</subfield></datafield><datafield ind1=" " ind2=" " tag="245"><subfield code="a">Etude cinetique des reactions de sulfonation et de desulfonatiion en milieu sulfurique concentre dans le cas des metaet para-xylene. these</subfield></datafield><datafield ind1=" " ind2=" " tag="260"><subfield code="a">Paris, Universite De Paris, 1971. 115 P</subfield></datafield><datafield ind1=" " ind2=" " tag="852"><subfield code="a">38055</subfield></datafield></record></collection>